
@article{10.1145/2501543.2501546,
  author    = {Timo Nummenmaa and
               Annakaisa Kultima and
               Kati Alha and
               Tommi Mikkonen},
  editor    = {Romain Robbes and
               Gregorio Robles},
  title     = {Applying lehman's laws to game evolution},
  booktitle = {13th International Workshop on Principles of Software Evolution, {IWPSE}
               2013, Proceedings, August 19-20, 2013, Saint Petersburg, Russia},
  pages     = {11--17},
  publisher = {{ACM}},
  year      = {2013},
  url       = {https://doi.org/10.1145/2501543.2501546},
  doi       = {10.1145/2501543.2501546},
  timestamp = {Sun, 25 Jul 2021 11:53:12 +0200},
  biburl    = {https://dblp.org/rec/conf/iwpse/NummenmaaKAM13.bib},
  bibsource = {dblp computer science bibliography, https://dblp.org}
}

@article{10.1145/3412843,
  author    = {Riemer van Rozen},
  title     = {Languages of Games and Play: {A} Systematic Mapping Study},
  journal   = {{ACM} Comput. Surv.},
  volume    = {53},
  number    = {6},
  pages     = {123:1--123:37},
  year      = {2021},
  url       = {https://doi.org/10.1145/3412843},
  doi       = {10.1145/3412843},
  timestamp = {Fri, 19 Feb 2021 10:57:27 +0100},
  biburl    = {https://dblp.org/rec/journals/csur/Rozen21.bib},
  bibsource = {dblp computer science bibliography, https://dblp.org}
}

@article{10.1007/978-3-319-02654-1_3,
    author    = {Riemer van Rozen and
               Joris Dormans},
  editor    = {Michael Mateas and
               Tiffany Barnes and
               Ian Bogost},
  title     = {Adapting game mechanics with Micro-Machinations},
  booktitle = {Proceedings of the 9th International Conference on the Foundations
               of Digital Games, {FDG} 2014, Liberty of the Seas, Caribbean, April
               3-7, 2014},
  publisher = {Society for the Advancement of the Science of Digital Games},
  year      = {2014},
  url       = {http://www.fdg2014.org/papers/fdg2014\_paper\_34.pdf},
  timestamp = {Thu, 12 Mar 2020 11:35:09 +0100},
  biburl    = {https://dblp.org/rec/conf/fdg/RozenD14.bib},
  bibsource = {dblp computer science bibliography, https://dblp.org}
}

@article{vermeulenautomated,
  author = {Vermeulen, Mauro},
  title  = {{A}utomated {G}ame {G}eneration met {G}ebruik van {M}eta-{P}rogramming},
  year   = {2018},
  month  = aug,
  day    = {16},
  school = {Hogeschool van Amsterdam},
  type   = {Bachelor's thesis},
}

@article{10.1145/3102071.3102084,
  author    = {Eric Butler and
               Emina Torlak and
               Zoran Popovic},
  editor    = {Sebastian Deterding and
               Alessandro Canossa and
               Casper Harteveld and
               Jichen Zhu and
               Miguel Sicart},
  title     = {Synthesizing interpretable strategies for solving puzzle games},
  booktitle = {Proceedings of the International Conference on the Foundations of
               Digital Games, {FDG} 2017, Hyannis, MA, USA, August 14-17, 2017},
  pages     = {10:1--10:10},
  publisher = {{ACM}},
  year      = {2017},
  url       = {https://doi.org/10.1145/3102071.3102084},
  doi       = {10.1145/3102071.3102084},
  timestamp = {Tue, 06 Nov 2018 16:58:05 +0100},
  biburl    = {https://dblp.org/rec/conf/fdg/ButlerTP17.bib},
  bibsource = {dblp computer science bibliography, https://dblp.org}
}

@article{10.1002/smr.406,
  author    = {Allan Raundahl Gregersen and
               Bo N{\o}rregaard J{\o}rgensen},
  title     = {Dynamic update of Java applications - balancing change flexibility
               vs programming transparency},
  journal   = {J. Softw. Maintenance Res. Pract.},
  volume    = {21},
  number    = {2},
  pages     = {81--112},
  year      = {2009},
  url       = {https://doi.org/10.1002/smr.406},
  doi       = {10.1002/smr.406},
  timestamp = {Wed, 20 May 2020 21:25:27 +0200},
  biburl    = {https://dblp.org/rec/journals/smr/GregersenJ09.bib},
  bibsource = {dblp computer science bibliography, https://dblp.org}
}



@article{AMPATZOGLOU2010888,
  author    = {Apostolos Ampatzoglou and
               Ioannis Stamelos},
  title     = {Software engineering research for computer games: {A} systematic review},
  journal   = {Inf. Softw. Technol.},
  volume    = {52},
  number    = {9},
  pages     = {888--901},
  year      = {2010},
  url       = {https://doi.org/10.1016/j.infsof.2010.05.004},
  doi       = {10.1016/j.infsof.2010.05.004},
  timestamp = {Thu, 20 Feb 2020 13:20:31 +0100},
  biburl    = {https://dblp.org/rec/journals/infsof/AmpatzoglouS10.bib},
  bibsource = {dblp computer science bibliography, https://dblp.org}
}

@article{5ec26c8a55734c1ea9e8a25268820c54,
  author    = {Ulyana Tikhonova and
               Maarten Manders and
               Mark van den Brand and
               Suzana Andova and
               Tom Verhoeff},
  editor    = {Fr{\'{e}}d{\'{e}}ric Boulanger and
               Michalis Famelis and
               Daniel Ratiu},
  title     = {Applying Model Transformation and Event-B for Specifying an Industrial
               {DSL}},
  booktitle = {Proceedings of the 10th International Workshop on Model Driven Engineering,
               Verification and Validation MoDeVVa 2013, co-located with 16th International
               Conference on Model Driven Engineering Languages and Systems (MoDELS
               2013), Miami, Florida, USA, October 1st, 2013},
  series    = {{CEUR} Workshop Proceedings},
  volume    = {1069},
  pages     = {41--50},
  publisher = {CEUR-WS.org},
  year      = {2013},
  url       = {http://ceur-ws.org/Vol-1069/07-paper.pdf},
  timestamp = {Wed, 12 Feb 2020 16:44:14 +0100},
  biburl    = {https://dblp.org/rec/conf/models/TikhonovaMBAV13.bib},
  bibsource = {dblp computer science bibliography, https://dblp.org}
}

@article{Deursen97domain-specificlanguages,
  author = {A. van Deursen and A Financial},
  title  = {Domain-Specific Languages versus Object-Oriented Frameworks: A Financial Engineering Case Study},
  year   = {1997},
}

@article{doi:10.1089/109493104322820057,
  author    = {Richard T. A. Wood and
               Mark D. Griffiths and
               Darren Chappell and
               Mark N. O. Davies},
  title     = {The Structural Characteristics of Video Games: {A} Psycho-Structural
               Analysis},
  journal   = {Cyberpsychology Behav. Soc. Netw.},
  volume    = {7},
  number    = {1},
  pages     = {1--10},
  year      = {2004},
  url       = {https://doi.org/10.1089/109493104322820057},
  doi       = {10.1089/109493104322820057},
  timestamp = {Tue, 31 Mar 2020 18:13:38 +0200},
  biburl    = {https://dblp.org/rec/journals/cbsn/WoodGCD04.bib},
  bibsource = {dblp computer science bibliography, https://dblp.org}
}

@article{10.1145/2908812.2908920,
  author    = {Ahmed Khalifa and
               Diego Perez Liebana and
               Simon M. Lucas and
               Julian Togelius},
  editor    = {Tobias Friedrich and
               Frank Neumann and
               Andrew M. Sutton},
  title     = {General Video Game Level Generation},
  booktitle = {Proceedings of the 2016 on Genetic and Evolutionary Computation Conference,
               Denver, CO, USA, July 20 - 24, 2016},
  pages     = {253--259},
  publisher = {{ACM}},
  year      = {2016},
  url       = {https://doi.org/10.1145/2908812.2908920},
  doi       = {10.1145/2908812.2908920},
  timestamp = {Mon, 03 Jan 2022 22:42:23 +0100},
  biburl    = {https://dblp.org/rec/conf/gecco/KhalifaLLT16.bib},
  bibsource = {dblp computer science bibliography, https://dblp.org}
}

@article{shaker2016procedural,
  author    = {Noor Shaker and
               Julian Togelius and
               Mark J. Nelson},
  title     = {Procedural Content Generation in Games},
  series    = {Computational Synthesis and Creative Systems},
  publisher = {Springer},
  year      = {2016},
  url       = {https://doi.org/10.1007/978-3-319-42716-4},
  doi       = {10.1007/978-3-319-42716-4},
  isbn      = {978-3-319-42714-0},
  timestamp = {Sun, 02 Jun 2019 20:42:28 +0200},
  biburl    = {https://dblp.org/rec/books/daglib/0034882.bib},
  bibsource = {dblp computer science bibliography, https://dblp.org}
}

@article{proceduraltogelius2011,
    author = {Togelius, Julian and Kastbjerg, Emil and Schedl, David and Yannakakis, Georgios N.},
    title = {What is Procedural Content Generation? Mario on the Borderline},
    year = {2011},
    isbn = {9781450308724},
    publisher = {Association for Computing Machinery},
    address = {New York, NY, USA},
    url = {https://doi.org/10.1145/2000919.2000922},
    doi = {10.1145/2000919.2000922},
    booktitle = {Proceedings of the 2nd International Workshop on Procedural Content Generation in Games},
    articleno = {3},
    numpages = {6},
    location = {Bordeaux, France},
    series = {PCGames '11}
}

@article{6932896,
  author    = {Chong{-}U Lim and
               D. Fox Harrell},
  title     = {An approach to general videogame evaluation and automatic generation
               using a description language},
  booktitle = {2014 {IEEE} Conference on Computational Intelligence and Games, {CIG}
               2014, Dortmund, Germany, August 26-29, 2014},
  pages     = {1--8},
  publisher = {{IEEE}},
  year      = {2014},
  url       = {https://doi.org/10.1109/CIG.2014.6932896},
  doi       = {10.1109/CIG.2014.6932896},
  timestamp = {Wed, 16 Oct 2019 14:14:56 +0200},
  biburl    = {https://dblp.org/rec/conf/cig/LimH14.bib},
  bibsource = {dblp computer science bibliography, https://dblp.org}
}

@article{khalifa2015automatic,
  author    = {Khalifa, Ahmed and Fayek, Magda},
  title     = {Automatic puzzle level generation: A general approach using a description language},
  year      = {2015},
  booktitle = {Computational Creativity and Games Workshop},
}

@article{STOREY1999171,
  author    = {Margaret{-}Anne D. Storey and
               F. David Fracchia and
               Hausi A. M{\"{u}}ller},
  title     = {Cognitive design elements to support the construction of a mental
               model during software exploration},
  journal   = {J. Syst. Softw.},
  volume    = {44},
  number    = {3},
  pages     = {171--185},
  year      = {1999},
  url       = {https://doi.org/10.1016/S0164-1212(98)10055-9},
  doi       = {10.1016/S0164-1212(98)10055-9},
  timestamp = {Mon, 24 Feb 2020 15:58:09 +0100},
  biburl    = {https://dblp.org/rec/journals/jss/StoreyFM99.bib},
  bibsource = {dblp computer science bibliography, https://dblp.org}
}

@article{10.1145/1085313.1085331,
  author    = {Sergio Cozzetti B. de Souza and
               Nicolas Anquetil and
               K{\'{a}}thia Mar{\c{c}}al de Oliveira},
  editor    = {Scott R. Tilley and
               Robert M. Newman},
  title     = {A study of the documentation essential to software maintenance},
  booktitle = {Proceedings of the 23rd Annual International Conference on Design
               of Communication: documenting {\&} Designing for Pervasive Information,
               {SIGDOC} 2005, Coventry, UK, September 21-23, 2005},
  pages     = {68--75},
  publisher = {{ACM}},
  year      = {2005},
  url       = {https://doi.org/10.1145/1085313.1085331},
  doi       = {10.1145/1085313.1085331},
  timestamp = {Wed, 25 Sep 2019 18:20:44 +0200},
  biburl    = {https://dblp.org/rec/conf/sigdoc/SouzaAO05.bib},
  bibsource = {dblp computer science bibliography, https://dblp.org}
}

@article{8901975,
  author    = {Jonah Warren},
  editor    = {Tansu Alpcan and
               Yevgeniy Vorobeychik and
               John S. Baras and
               Gy{\"{o}}rgy D{\'{a}}n},
  title     = {Tiny online game engines},
  booktitle = {Decision and Game Theory for Security - 10th International Conference,
               GameSec 2019, Stockholm, Sweden, October 30 - November 1, 2019, Proceedings},
  series    = {Lecture Notes in Computer Science},
  volume    = {11836},
  pages     = {1--7},
  publisher = {Springer},
  year      = {2019},
  url       = {https://doi.org/10.1109/GEM.2019.8901975},
  doi       = {10.1109/GEM.2019.8901975},
  timestamp = {Thu, 05 Dec 2019 15:14:34 +0100},
  biburl    = {https://dblp.org/rec/conf/gamesec/Warren19.bib},
  bibsource = {dblp computer science bibliography, https://dblp.org}
}

@article{krishnan2018level,
  author = {Krishnan, Abhijeet},
  title  = {Level Generator for Laserverse using ASP},
  year   = {2018},
}

@article{osborn2015playspecs,
  author    = {Joseph Carter Osborn and
               Ben Samuel and
               Michael Mateas and
               Noah Wardrip{-}Fruin},
  editor    = {Arnav Jhala and
               Nathan Sturtevant},
  title     = {Playspecs: Regular Expressions for Game Play Traces},
  booktitle = {Proceedings of the Eleventh {AAAI} Conference on Artificial Intelligence
               and Interactive Digital Entertainment, {AIIDE} 2015, November 14-18,
               2015, University of California, Santa Cruz, CA, {USA}},
  pages     = {170--176},
  publisher = {{AAAI} Press},
  year      = {2015},
  url       = {http://www.aaai.org/ocs/index.php/AIIDE/AIIDE15/paper/view/11541},
  timestamp = {Wed, 10 Feb 2021 22:01:10 +0100},
  biburl    = {https://dblp.org/rec/conf/aiide/OsbornSMW15.bib},
  bibsource = {dblp computer science bibliography, https://dblp.org}
}

@article{cook2017vision,
  author    = {Michael Cook},
  title     = {A Vision for Continuous Automated Game Design},
  booktitle = {The Workshops of the Thirteenth {AAAI} Conference on Artificial Intelligence
               and Interactive Digital Entertainment, {AIIDE} Workshops 2017, Snowbird,
               UT, USA, October 5-6, 2017},
  series    = {{AAAI} Workshops},
  volume    = {{WS-17}},
  publisher = {{AAAI} Press},
  year      = {2017},
  url       = {https://aaai.org/ocs/index.php/AIIDE/AIIDE17/paper/view/15850},
  timestamp = {Wed, 10 Feb 2021 22:01:28 +0100},
  biburl    = {https://dblp.org/rec/conf/aiide/Cook17.bib},
  bibsource = {dblp computer science bibliography, https://dblp.org}
}

@article{van2018measuring,
  author    = {Riemer van Rozen and
               Quinten Heijn},
  editor    = {Steve Dahlskog and
               Sebastian Deterding and
               Jos{\'{e}} M. Font and
               Mitu Khandaker and
               Carl Magnus Olsson and
               Sebastian Risi and
               Christoph Salge},
  title     = {Measuring quality of grammars for procedural level generation},
  booktitle = {Proceedings of the 13th International Conference on the Foundations
               of Digital Games, {FDG} 2018, Malm{\"{o}}, Sweden, August 07-10,
               2018},
  pages     = {56:1--56:8},
  publisher = {{ACM}},
  year      = {2018},
  url       = {https://doi.org/10.1145/3235765.3235821},
  doi       = {10.1145/3235765.3235821},
  timestamp = {Wed, 21 Nov 2018 12:44:19 +0100},
  biburl    = {https://dblp.org/rec/conf/fdg/RozenH18.bib},
  bibsource = {dblp computer science bibliography, https://dblp.org}
}

@article{doi:10.1207/S15327809JLS1101,
  author    = {Zeljko Obrenovic},
  title     = {Design-based research: what we learn when we engage in design of interactive
               systems},
  journal   = {Interactions},
  volume    = {18},
  number    = {5},
  pages     = {56--59},
  year      = {2011},
  url       = {https://doi.org/10.1145/2008176.2008189},
  doi       = {10.1145/2008176.2008189},
  timestamp = {Tue, 06 Nov 2018 12:50:59 +0100},
  biburl    = {https://dblp.org/rec/journals/interactions/Obrenovic11.bib},
  bibsource = {dblp computer science bibliography, https://dblp.org}
}

@article{Dormans2013CombinatorialAE,
  title={Combinatorial and exploratory creativity in procedural content generation},
  author={Joris Dormans and Stefan Leijnen},
  booktitle={FDG 2013},
  year={2013}
}

@article{DBLP:conf/sle/KlintR13,
  author    = {Paul Klint and
               Riemer van Rozen},
  editor    = {Martin Erwig and
               Richard F. Paige and
               Eric Van Wyk},
  title     = {Micro-Machinations - {A} {DSL} for Game Economies},
  booktitle = {Software Language Engineering - 6th International Conference, {SLE}
               2013, Indianapolis, IN, USA, October 26-28, 2013. Proceedings},
  series    = {Lecture Notes in Computer Science},
  volume    = {8225},
  pages     = {36--55},
  publisher = {Springer},
  year      = {2013},
  url       = {https://doi.org/10.1007/978-3-319-02654-1\_3},
  doi       = {10.1007/978-3-319-02654-1\_3},
  timestamp = {Tue, 14 May 2019 10:00:40 +0200},
  biburl    = {https://dblp.org/rec/conf/sle/KlintR13.bib},
  bibsource = {dblp computer science bibliography, https://dblp.org}
}

@article{DBLP:conf/fdg/RozenD14,
  author    = {Riemer van Rozen and
               Joris Dormans},
  editor    = {Michael Mateas and
               Tiffany Barnes and
               Ian Bogost},
  title     = {Adapting game mechanics with Micro-Machinations},
  booktitle = {Proceedings of the 9th International Conference on the Foundations
               of Digital Games, {FDG} 2014, Liberty of the Seas, Caribbean, April
               3-7, 2014},
  publisher = {Society for the Advancement of the Science of Digital Games},
  year      = {2014},
  url       = {http://www.fdg2014.org/papers/fdg2014\_paper\_34.pdf},
  timestamp = {Thu, 12 Mar 2020 11:35:09 +0100},
  biburl    = {https://dblp.org/rec/conf/fdg/RozenD14.bib},
  bibsource = {dblp computer science bibliography, https://dblp.org}
}

@article{DBLP:conf/fdg/Dormans10,
  author    = {Joris Dormans},
  editor    = {Rafael Bidarra},
  title     = {Adventures in level design: generating missions and spaces for action
               adventure games},
  booktitle = {Proceedings of the 2010 Workshop on Procedural Content Generation
               in Games, PCGames '10, Monterey, California, USA, June 18, 2010},
  pages     = {1:1--1:8},
  publisher = {{ACM}},
  year      = {2010},
  url       = {https://doi.org/10.1145/1814256.1814257},
  doi       = {10.1145/1814256.1814257},
  timestamp = {Fri, 14 Jan 2022 12:36:37 +0100},
  biburl    = {https://dblp.org/rec/conf/fdg/Dormans10.bib},
  bibsource = {dblp computer science bibliography, https://dblp.org}
}

@article{DBLP:journals/computer/JanzenS05,
  author    = {David S. Janzen and
               Hossein Saiedian},
  title     = {Test-Driven Development: Concepts, Taxonomy, and Future Direction},
  journal   = {Computer},
  volume    = {38},
  number    = {9},
  pages     = {43--50},
  year      = {2005},
  url       = {https://doi.org/10.1109/MC.2005.314},
  doi       = {10.1109/MC.2005.314},
  timestamp = {Wed, 06 Oct 2021 14:04:59 +0200},
  biburl    = {https://dblp.org/rec/journals/computer/JanzenS05.bib},
  bibsource = {dblp computer science bibliography, https://dblp.org}
}

@article{DBLP:conf/dagstuhl/BraadZS15,
  author    = {Eelco Braad and
               Gregor Zavcer and
               Alyea Sandovar},
  editor    = {Ralf D{\"{o}}rner and
               Stefan G{\"{o}}bel and
               Michael D. Kickmeier{-}Rust and
               Maic Masuch and
               Katharina Anna Zweig},
  title     = {Processes and Models for Serious Game Design and Development},
  booktitle = {Entertainment Computing and Serious Games - International GI-Dagstuhl
               Seminar 15283, Dagstuhl Castle, Germany, July 5-10, 2015, Revised
               Selected Papers},
  series    = {Lecture Notes in Computer Science},
  volume    = {9970},
  pages     = {92--118},
  year      = {2015},
  url       = {https://doi.org/10.1007/978-3-319-46152-6\_5},
  doi       = {10.1007/978-3-319-46152-6\_5},
  timestamp = {Sun, 25 Oct 2020 23:11:55 +0100},
  biburl    = {https://dblp.org/rec/conf/dagstuhl/BraadZS15.bib},
  bibsource = {dblp computer science bibliography, https://dblp.org}
}

@article{Naus2016,
  author    = {Nico Naus and
               Johan Jeuring},
  editor    = {David Van Horn and
               John Hughes},
  title     = {Building a Generic Feedback System for Rule-Based Problems},
  booktitle = {Trends in Functional Programming - 17th International Conference,
               {TFP} 2016, College Park, MD, USA, June 8-10, 2016, Revised Selected
               Papers},
  series    = {Lecture Notes in Computer Science},
  volume    = {10447},
  pages     = {172--191},
  publisher = {Springer},
  year      = {2016},
  url       = {https://doi.org/10.1007/978-3-030-14805-8\_10},
  doi       = {10.1007/978-3-030-14805-8\_10},
  timestamp = {Sat, 05 Sep 2020 18:03:03 +0200},
  biburl    = {https://dblp.org/rec/conf/sfp/NausJ16.bib},
  bibsource = {dblp computer science bibliography, https://dblp.org}
}

@article{TAN2015493,
  author    = {Lin Tan},
  editor    = {Christian Bird and
               Tim Menzies and
               Thomas Zimmermann},
  title     = {Code Comment Analysis for Improving Software Quality},
  booktitle = {The Art and Science of Analyzing Software Data},
  pages     = {493--517},
  publisher = {Morgan Kaufmann / Elsevier},
  year      = {2015},
  url       = {https://doi.org/10.1016/b978-0-12-411519-4.00017-3},
  doi       = {10.1016/b978-0-12-411519-4.00017-3},
  timestamp = {Tue, 02 Jul 2019 16:59:30 +0200},
  biburl    = {https://dblp.org/rec/books/el/15/Tan15.bib},
  bibsource = {dblp computer science bibliography, https://dblp.org}
}

@article{10.1201/b22309,
author = {Fullerton, Tracy},
year = {2008},
month = {01},
pages = {},
title = {Game Design Workshop. A Playcentric Approach to Creating Innovative Games},
isbn = {9780240809748},
doi = {10.1201/b22309}
}

@article{DBLP:journals/computer/Biggerstaff89,
  author    = {Ted J. Biggerstaff},
  title     = {Design Recovery for Maintenance and Reuse},
  journal   = {Computer},
  volume    = {22},
  number    = {7},
  pages     = {36--49},
  year      = {1989},
  url       = {https://doi.org/10.1109/2.30731},
  doi       = {10.1109/2.30731},
  timestamp = {Wed, 12 Aug 2020 10:29:20 +0200},
  biburl    = {https://dblp.org/rec/journals/computer/Biggerstaff89.bib},
  bibsource = {dblp computer science bibliography, https://dblp.org}
}

@article{DBLP:journals/corr/abs-1903-10545,
  publtype={informal},
  author={Yunqi Zhao and Igor Borovikov and Ahmad Beirami and Jason Rupert and Caedmon Somers and Jesse Harder and Fernando de Mesentier Silva and John Kolen and Jervis Pinto and Reza Pourabolghasem and Harold Chaput and James Pestrak and Mohsen Sardari and Long Lin and Navid Aghdaie and Kazi A. Zaman},
  title={Winning Isn't Everything: Training Human-Like Agents for Playtesting and Game AI.},
  year={2019},
  cdate={1546300800000},
  journal={CoRR},
  volume={abs/1903.10545},
  url={http://arxiv.org/abs/1903.10545}
}

@article{schell2008art,
  added-at = {2009-11-24T18:29:58.000+0100},
  author = {Schell, Jesse},
  biburl = {https://www.bibsonomy.org/bibtex/26cb3f2bd53f1b1c3f2ddef6604c75c9b/kisaku},
  interhash = {42389cc1e808a7703678447c25ef009c},
  intrahash = {6cb3f2bd53f1b1c3f2ddef6604c75c9b},
  keywords = {Jesse MTDbakk Schell art design game},
  publisher = {Morgan Kaufmann},
  timestamp = {2009-11-24T18:29:58.000+0100},
  title = {The Art of Game Design: A book of lenses},
  year = 2008
}

@article{language_of_gaming,
  author = {Ensslin, Astrid},
  title  = {The Language of Gaming},
  year   = {2011},
  month  = dec,
  isbn   = {0230238599},
}

@article{dickmark2015use,
  author = {Dickmark, Emma},
  title  = {The use of colour in the game Journey: Case study},
  year   = {2015},
}

@article{urbanek2018sound,
  author    = {Michael Urbanek and
               Peter Fikar and
               Florian G{\"{u}}ldenpfennig},
  editor    = {Jo{\~{a}}o L. Vila{\c{c}}a and
               Thomas Grechenig and
               Duarte Duque and
               Nuno F. Rodrigues and
               Nuno Dias},
  title     = {About the sound of bananas - Anti rules for audio game design},
  booktitle = {6th {IEEE} International Conference on Serious Games and Applications
               for Health, SeGAH 2018, Vienna, Austria, May 16-18, 2018},
  pages     = {1--7},
  publisher = {{IEEE}},
  year      = {2018},
  url       = {https://doi.org/10.1109/SeGAH.2018.8401361},
  doi       = {10.1109/SeGAH.2018.8401361},
  timestamp = {Wed, 04 Aug 2021 18:14:31 +0200},
  biburl    = {https://dblp.org/rec/conf/segah/UrbanekFG18.bib},
  bibsource = {dblp computer science bibliography, https://dblp.org}
}

@article{cook2020software,
  author    = {Michael Cook},
  title     = {Software Engineering For Automated Game Design},
  booktitle = {{IEEE} Conference on Games, CoG 2020, Osaka, Japan, August 24-27,
               2020},
  pages     = {487--494},
  publisher = {{IEEE}},
  year      = {2020},
  url       = {https://doi.org/10.1109/CoG47356.2020.9231750},
  doi       = {10.1109/CoG47356.2020.9231750},
  timestamp = {Tue, 27 Oct 2020 11:47:01 +0100},
  biburl    = {https://dblp.org/rec/conf/cig/Cook20a.bib},
  bibsource = {dblp computer science bibliography, https://dblp.org}
}

@article{ostrowski2013automated,
  title={Automated regression testing within video game development},
  author={Ostrowski, Michail and Aroudj, Samir},
  journal={GSTF Journal on Computing (JoC)},
  volume={3},
  number={2},
  pages={1--5},
  year={2013},
  publisher={Springer}
}

@article{10.1007/978-3-642-01680-6_32,
    author    = {Vibha Sazawal and
               Nikita Sudan},
  editor    = {Qing Wang and
               Vahid Garousi and
               Raymond J. Madachy and
               Dietmar Pfahl},
  title     = {Modeling Software Evolution with Game Theory},
  booktitle = {Trustworthy Software Development Processes, International Conference
               on Software Process, {ICSP} 2009 Vancouver, Canada, May 16-17, 2009
               Proceedings},
  series    = {Lecture Notes in Computer Science},
  volume    = {5543},
  pages     = {354--365},
  publisher = {Springer},
  year      = {2009},
  url       = {https://doi.org/10.1007/978-3-642-01680-6\_32},
  doi       = {10.1007/978-3-642-01680-6\_32},
  timestamp = {Tue, 14 May 2019 10:00:42 +0200},
  biburl    = {https://dblp.org/rec/conf/ispw/SazawalS09.bib},
  bibsource = {dblp computer science bibliography, https://dblp.org}
}

@article{1572302,
  author    = {Tom Mens and
               Michel Wermelinger and
               St{\'{e}}phane Ducasse and
               Serge Demeyer and
               Robert Hirschfeld and
               Mehdi Jazayeri},
  title     = {Challenges in Software Evolution},
  booktitle = {8th International Workshop on Principles of Software Evolution {(IWPSE}
               2005), 5-7 September 2005, Lisbon, Portugal},
  pages     = {13--22},
  publisher = {{IEEE} Computer Society},
  year      = {2005},
  url       = {https://doi.org/10.1109/IWPSE.2005.7},
  doi       = {10.1109/IWPSE.2005.7},
  timestamp = {Wed, 16 Oct 2019 14:14:53 +0200},
  biburl    = {https://dblp.org/rec/conf/iwpse/MensWDDHJ05.bib},
  bibsource = {dblp computer science bibliography, https://dblp.org}
 }

@article{10.1145/2994310.2994364,
    author    = {Pejman Mirza{-}Babaei and
               Naeem Moosajee and
               Brandon Drenikow},
  title     = {Playtesting for indie studios},
  booktitle = {Proceedings of the 20th International Academic Mindtrek Conference,
               AcademicMindtrek '16, Tampere, Finland, October 17-18, 2016},
  pages     = {366--374},
  publisher = {{ACM}},
  year      = {2016},
  url       = {https://doi.org/10.1145/2994310.2994364},
  doi       = {10.1145/2994310.2994364},
  timestamp = {Mon, 15 Jun 2020 17:07:27 +0200},
  biburl    = {https://dblp.org/rec/conf/mindtrek/Mirza-BabaeiMD16.bib},
  bibsource = {dblp computer science bibliography, https://dblp.org}
}

@article{Klint2011,
    author    = {Paul Klint and
               Tijs van der Storm and
               Jurgen J. Vinju},
  editor    = {Jo{\~{a}}o M. Fernandes and
               Ralf L{\"{a}}mmel and
               Joost Visser and
               Jo{\~{a}}o Saraiva},
  title     = {{EASY} Meta-programming with Rascal},
  booktitle = {Generative and Transformational Techniques in Software Engineering
               {III} - International Summer School, {GTTSE} 2009, Braga, Portugal,
               July 6-11, 2009. Revised Papers},
  series    = {Lecture Notes in Computer Science},
  volume    = {6491},
  pages     = {222--289},
  publisher = {Springer},
  year      = {2009},
  url       = {https://doi.org/10.1007/978-3-642-18023-1\_6},
  doi       = {10.1007/978-3-642-18023-1\_6},
  timestamp = {Sun, 26 Apr 2020 17:09:18 +0200},
  biburl    = {https://dblp.org/rec/conf/gttse/KlintSV09.bib},
  bibsource = {dblp computer science bibliography, https://dblp.org}
}


%////////////////////////////////////////////////////////////////////////////
%///// DESIGN RESEARCH //////////////////
%///////////////////////////////////////////////////////////////////////////

@article{dr1,
  author    = {Robert Cole and
               Sandeep Purao and
               Matti Rossi and
               Maung K. Sein},
  editor    = {David E. Avison and
               Dennis F. Galletta},
  title     = {Being Proactive: Where Action Research Meets Design Research},
  booktitle = {Proceedings of the International Conference on Information Systems,
               {ICIS} 2005, December 11-14, 2005, Las Vegas, NV, {USA}},
  publisher = {Association for Information Systems},
  year      = {2005},
  url       = {http://aisel.aisnet.org/icis2005/27},
  timestamp = {Sun, 29 Mar 2015 13:07:34 +0200},
  biburl    = {https://dblp.org/rec/conf/icis/ColePRS05.bib},
  bibsource = {dblp computer science bibliography, https://dblp.org}
}

@article{dr2,
author    = {Alan R. Hevner and
               Salvatore T. March and
               Jinsoo Park and
               Sudha Ram},
  title     = {Design Science in Information Systems Research},
  journal   = {{MIS} Q.},
  volume    = {28},
  number    = {1},
  pages     = {75--105},
  year      = {2004},
  url       = {http://misq.org/design-science-in-information-systems-research.html},
  timestamp = {Fri, 15 May 2020 17:12:47 +0200},
  biburl    = {https://dblp.org/rec/journals/misq/HevnerMPR04.bib},
  bibsource = {dblp computer science bibliography, https://dblp.org}
}

@article{dr3,
  title={Action research is similar to design science},
  author={J{\"a}rvinen, Pertti},
  journal={Quality \& Quantity},
  volume={41},
  number={1},
  pages={37--54},
  year={2007},
  publisher={Springer}
}

%//////////////////////////////////////////////////
%//////// Gameplay Quality
%//////////////////////////////////////////////////
@Article{fabricatore2007gameplay,
  title={Gameplay and game mechanics: a key to quality in videogames},
  author={Fabricatore, Carlo},
  year={2007}
}

@article{10.1145/2967934.2968103,
    author    = {Judeth Oden Choi and
               Jodi Forlizzi and
               Michael G. Christel and
               Rachel Moeller and
               MacKenzie Bates and
               Jessica Hammer},
  editor    = {Anna L. Cox and
               Zachary O. Toups and
               Regan L. Mandryk and
               Paul A. Cairns and
               Vero Vanden Abeele and
               Daniel M. Johnson},
  title     = {Playtesting with a Purpose},
  booktitle = {Proceedings of the 2016 Annual Symposium on Computer-Human Interaction
               in Play, {CHI} {PLAY} 2016, Austin, TX, USA, October 16 - 19, 2016},
  pages     = {254--265},
  publisher = {{ACM}},
  year      = {2016},
  url       = {http://dl.acm.org/citation.cfm?id=2968103},
  timestamp = {Tue, 06 Nov 2018 16:59:24 +0100},
  biburl    = {https://dblp.org/rec/conf/chiplay/ChoiFCMBH16.bib},
  bibsource = {dblp computer science bibliography, https://dblp.org}
}

@article{Brühlmann_Schmid_Mekler_2016, 
    title={Online Playtesting With Crowdsourcing: Advantages and Challenges},
    url={https://edoc.unibas.ch/43799/}, 
    DOI={10.5451/UNIBAS-EP43799}, 
    journal={CHI 2016 Workshop: Lightweight Games User Research for Indies and Non-Profit Organizations},
    publisher={CHI 2016 Workshop: Lightweight Games User Research for Indies and Non-Profit Organizations}, 
    author={Brühlmann, Florian and Schmid, Gian-Marco and Mekler, Elisa D.}, 
    year={2016} 
}

@book{adams2012game,
  title={Game mechanics: advanced game design},
  author={Adams, Ernest and Dormans, Joris},
  year={2012},
  publisher={New Riders}
}

@article{doi:10.1177/1461444810370949,
  author    = {Paul Skalski and
               Ron Tamborini and
               Ashleigh K. Shelton and
               Michael Buncher and
               Pete Lindmark},
  title     = {Mapping the road to fun: Natural video game controllers, presence,
               and game enjoyment},
  journal   = {New Media Soc.},
  volume    = {13},
  number    = {2},
  pages     = {224--242},
  year      = {2011},
  url       = {https://doi.org/10.1177/1461444810370949},
  doi       = {10.1177/1461444810370949},
  timestamp = {Thu, 17 Sep 2020 12:01:55 +0200},
  biburl    = {https://dblp.org/rec/journals/nms/SkalskiTSBL11.bib},
  bibsource = {dblp computer science bibliography, https://dblp.org}
}

%% REVERSE ENGINEERING

@article{10.1145/336512.336526,
  author    = {Hausi A. M{\"{u}}ller and
               Jens H. Jahnke and
               Dennis B. Smith and
               Margaret{-}Anne D. Storey and
               Scott R. Tilley and
               Kenny Wong},
  editor    = {Anthony Finkelstein},
  title     = {Reverse engineering: a roadmap},
  booktitle = {22nd International Conference on on Software Engineering, Future of
               Software Engineering Track, {ICSE} 2000, Limerick Ireland, June 4-11,
               2000},
  pages     = {47--60},
  publisher = {{ACM}},
  year      = {2000},
  url       = {https://doi.org/10.1145/336512.336526},
  doi       = {10.1145/336512.336526},
  timestamp = {Sat, 19 Oct 2019 20:20:01 +0200},
  biburl    = {https://dblp.org/rec/conf/icse/MullerJSSTW00.bib},
  bibsource = {dblp computer science bibliography, https://dblp.org}
}

@article{KruhLouis2005REEE,
    author = {Kruh, Louis},
    copyright = {Copyright Taylor & Francis July 2005},
    issn = {0161-1194},
    journal = {Cryptologia},
    language = {eng},
    number = {3},
    pages = {282-283},
    publisher = {Taylor & Francis},
    title = {REVERSE ENGINEERING: Eilam, Eldad. Reversing: Secrets of Reverse Engineering. Wiley Publishing, Inc., 10475 Crosspoint Boulevard, Indianapolis IN 46256 USA. $40.00 US $51.99 Canada. 589 pp. 2005},
    volume = {29},
    year = {2005},
}

@article{DBLP:conf/chi/Smith14,
  author    = {Gillian Smith},
  editor    = {Matt Jones and
               Philippe A. Palanque and
               Albrecht Schmidt and
               Tovi Grossman},
  title     = {Understanding procedural content generation: a design-centric analysis
               of the role of {PCG} in games},
  booktitle = {{CHI} Conference on Human Factors in Computing Systems, CHI'14, Toronto,
               ON, Canada - April 26 - May 01, 2014},
  pages     = {917--926},
  publisher = {{ACM}},
  year      = {2014},
  url       = {https://doi.org/10.1145/2556288.2557341},
  doi       = {10.1145/2556288.2557341},
  timestamp = {Tue, 01 Jun 2021 15:21:43 +0200},
  biburl    = {https://dblp.org/rec/conf/chi/Smith14.bib},
  bibsource = {dblp computer science bibliography, https://dblp.org}
}

@article{10.1145/1924421.1924451,
  author    = {Gerardo Canfora and
               Massimiliano Di Penta and
               Luigi Cerulo},
  title     = {Achievements and challenges in software reverse engineering},
  journal   = {Commun. {ACM}},
  volume    = {54},
  number    = {4},
  pages     = {142--151},
  year      = {2011},
  url       = {https://doi.org/10.1145/1924421.1924451},
  doi       = {10.1145/1924421.1924451},
  timestamp = {Wed, 14 Nov 2018 10:22:36 +0100},
  biburl    = {https://dblp.org/rec/journals/cacm/CanforaPC11.bib},
  bibsource = {dblp computer science bibliography, https://dblp.org}
}

@article{43044,
  author    = {Elliot J. Chikofsky and
               James H. Cross II},
  title     = {Reverse Engineering and Design Recovery: {A} Taxonomy},
  journal   = {{IEEE} Softw.},
  volume    = {7},
  number    = {1},
  pages     = {13--17},
  year      = {1990},
  url       = {https://doi.org/10.1109/52.43044},
  doi       = {10.1109/52.43044},
  timestamp = {Mon, 08 Jun 2020 22:31:49 +0200},
  biburl    = {https://dblp.org/rec/journals/software/ChikofskyC90.bib},
  bibsource = {dblp computer science bibliography, https://dblp.org}
}
  
@article{article,
author = {Pyle, Ian},
year = {1993},
month = {01},
pages = {},
title = {Software Reuse and Reverse Engineering in Practice},
volume = {4},
journal = {Computing \& Control Engineering Journal},
doi = {10.1049/cce:19930026}
}

@article{10.5555/2555229,
author = {Eilam, Eldad},
title = {Reversing: Secrets of Reverse Engineering},
year = {2005},
isbn = {9780764574818},
publisher = {John Wiley & Sons, Inc.},
address = {USA},
abstract = {Beginning with a basic primer on reverse engineering, including computer internals, operating systems, and assembly language, this book provides readers with practical, in-depth techniques for software reverse engineering.}
}


% META PROGRAMMING
@article{Fowler2004,
  title = {Language Workbenches: The Killer-App for Domain Specific Languages?},
  author = {Martin Fowler},
  year = {2005},
  url = {http://www.martinfowler.com/articles/languageWorkbench.html},
  tags = {programming languages, workbench, object-oriented programming, meta programming, language-oriented programming, meta-model, LOP, model-driven development, programming, subject-oriented programming, language workbench, Meta-Environment, systematic-approach, feature-oriented programming, meta-objects, domain-specific language},
  researchr = {https://researchr.org/publication/Fowler2004},
  cites = {0},
  citedby = {3},
}

% AI
@article{strathprints57219,
    author    = {Mike Treanor and
               Alexander Zook and
               Mirjam P. Eladhari and
               Julian Togelius and
               Gillian Smith and
               Michael Cook and
               Tommy Thompson and
               Brian Magerko and
               John Levine and
               Adam M. Smith},
  editor    = {Jos{\'{e}} P. Zagal and
               Esther MacCallum{-}Stewart and
               Julian Togelius},
  title     = {AI-based Game Design Patterns},
  booktitle = {Proceedings of the 10th International Conference on the Foundations
               of Digital Games, {FDG} 2015, Pacific Grove, CA, USA, June 22-25,
               2015},
  publisher = {Society for the Advancement of the Science of Digital Games},
  year      = {2015},
  url       = {http://www.fdg2015.org/papers/fdg2015\_paper\_23.pdf},
  timestamp = {Tue, 20 Jul 2021 13:58:44 +0200},
  biburl    = {https://dblp.org/rec/conf/fdg/TreanorZETSCTML15.bib},
  bibsource = {dblp computer science bibliography, https://dblp.org}
}

@article{Eladhari2011AIBasedGD,
  title={AI-Based Game Design : Enabling New Playable Experiences},
  author={Mirjam Palosaari Eladhari and Anne Sullivan and Gillian Smith and Joshua McCoy},
  year={2011}
}

@article{10.1145/1501750.1501798,
  author    = {Mirjam Palosaari Eladhari and
               Michael Mateas},
  editor    = {Masa Inakage and
               Adrian David Cheok},
  title     = {Semi-autonomous avatars in world of minds: a case study of AI-based
               game design},
  booktitle = {Proceedings of the International Conference on Advances in Computer
               Entertainment Technology, {ACE} 2008, Yokohama, Japan, December 3-5,
               2008},
  series    = {{ACM} International Conference Proceeding Series},
  volume    = {352},
  pages     = {201--208},
  publisher = {{ACM}},
  year      = {2008},
  url       = {https://doi.org/10.1145/1501750.1501798},
  doi       = {10.1145/1501750.1501798},
  timestamp = {Tue, 06 Nov 2018 16:57:14 +0100},
  biburl    = {https://dblp.org/rec/conf/ACMace/EladhariM08.bib},
  bibsource = {dblp computer science bibliography, https://dblp.org}
}

@article{hierpathfinding,
  author    = {Minh{-}Duc Le and
               Amandeep S. Sidhu and
               Narendra S. Chaudhari},
  title     = {Hierarchical Pathfinding and AI-Based Learning Approach in Strategy
               Game Design},
  journal   = {Int. J. Comput. Games Technol.},
  volume    = {2008},
  pages     = {873913:1--873913:11},
  year      = {2008},
  url       = {https://doi.org/10.1155/2008/873913},
  doi       = {10.1155/2008/873913},
  timestamp = {Thu, 09 Apr 2020 17:07:42 +0200},
  biburl    = {https://dblp.org/rec/journals/ijcgt/LeSC08.bib},
  bibsource = {dblp computer science bibliography, https://dblp.org}
}

@article{10.1145/3102071.3102105,
  author    = {Fernando de Mesentier Silva and
               Scott Lee and
               Julian Togelius and
               Andy Nealen},
  editor    = {Sebastian Deterding and
               Alessandro Canossa and
               Casper Harteveld and
               Jichen Zhu and
               Miguel Sicart},
  title     = {AI-based playtesting of contemporary board games},
  booktitle = {Proceedings of the International Conference on the Foundations of
               Digital Games, {FDG} 2017, Hyannis, MA, USA, August 14-17, 2017},
  pages     = {13:1--13:10},
  publisher = {{ACM}},
  year      = {2017},
  url       = {https://doi.org/10.1145/3102071.3102105},
  doi       = {10.1145/3102071.3102105},
  timestamp = {Mon, 03 Jan 2022 22:28:51 +0100},
  biburl    = {https://dblp.org/rec/conf/fdg/SilvaLTN17.bib},
  bibsource = {dblp computer science bibliography, https://dblp.org}
}

@article{DBLP:conf/digra/ErmiM05,
  author    = {Laura Ermi and
               Frans M{\"{a}}yr{\"{a}}},
  title     = {Fundamental Components of the Gameplay Experience: Analysing Immersion},
  booktitle = {Digital Games Research Conference 2005, Changing Views: Worlds in
               Play, June 16-20, 2005, Vancouver, British Columbia, Canada},
  year      = {2005},
  url       = {http://www.digra.org/digital-library/publications/fundamental-components-of-the-gameplay-experience-analysing-immersion/},
  timestamp = {Wed, 10 Feb 2021 08:46:09 +0100},
  biburl    = {https://dblp.org/rec/conf/digra/ErmiM05.bib},
  bibsource = {dblp computer science bibliography, https://dblp.org}
}

@article{10.5555/538111,
    author = {Crawford, Chris},
    title = {The Art of Computer Game Design},
    year = {1984},
    isbn = {0881341177},
    publisher = {McGraw-Hill, Inc.},
    address = {USA}
}

@article{DBLP:conf/ppig/Sarkar15a,
  author    = {Advait Sarkar},
  editor    = {Melanie Coles and
               Gail Ollis},
  title     = {The impact of syntax colouring on program comprehension},
  booktitle = {Proceedings of the 26th Annual Workshop of the Psychology of Programming
               Interest Group, {PPIG} 2015, Bournemouth, UK, July 15-17, 2015},
  pages     = {8},
  publisher = {Psychology of Programming Interest Group},
  year      = {2015},
  url       = {http://ppig.org/library/paper/impact-syntax-colouring-program-comprehension},
  timestamp = {Tue, 16 Mar 2021 16:24:00 +0100},
  biburl    = {https://dblp.org/rec/conf/ppig/Sarkar15a.bib},
  bibsource = {dblp computer science bibliography, https://dblp.org}
}

@article{Rozen2021a,
  author    = {van Rozen, Riemer and Reijne, Youri and Julia, Clement and Samaritaki, Georgia},
  title     = {{F}irst-{P}erson {R}eal-{T}ime {C}ollaborative {M}eta-{P}rogramming {A}dventures},
  booktitle = {AIIDE Workshop Proceedings},
  year      = {2021},
  publisher = {CEUR-WS},
  note      = {To appear},
}

%///////////////////////////////////////////////////////////////////////////////

@software{PuzzleScript,
  author       = {{Stephen Lavelle (increpare)}},
  commit       = {f3655f2067540a143e99e06c62607b0d2f1e5964},
  howpublished = {\url{https://github.com/increpare/PuzzleScript}},
  journal      = {GitHub repository},
  note         = {License: MIT, Commit: f3655f2067540a143e99e06c62607b0d2f1e5964},
  publisher    = {GitHub},
  title        = {PuzzleScript},
  year         = {2013},
}

@software{PatternScript,
  author       = {{ClementSparrow}},
  commit       = {7405d6ae1e7e1cc9d2ec63b1f78a693c6e2491b7},
  howpublished = {\url{https://github.com/ClementSparrow/Pattern-Script}},
  journal      = {GitHub repository},
  note         = {License: MIT, Commit: 7405d6ae1e7e1cc9d2ec63b1f78a693c6e2491b7},
  publisher    = {GitHub},
  title        = {Pattern-Script},
  year         = {2021},
}

@software{PuzzleScriptWithSolver,
  author       = {{marcosdon}},
  commit       = {14f47a8d21efe7281ecc09112afc20334a524574},
  howpublished = {\url{https://github.com/marcosdon/PuzzleScriptWithSolver}},
  journal      = {GitHub repository},
  note         = {License: MIT, Commit: 14f47a8d21efe7281ecc09112afc20334a524574},
  publisher    = {GitHub},
  title        = {PuzzleScriptWithSolver},
  year         = {2018},
}

@software{PuzzleScriptSolver,
  author       = {{Lauren Cunningham (Moofkin)}},
  commit       = {2a4fcd7faebf800a424a24d13d9befb41ba049f7},
  howpublished = {\url{https://github.com/Moofkin/PuzzleScript-Solver}},
  journal      = {GitHub repository},
  note         = {License: CC BY-NC-SA 3.0, Commit: 2a4fcd7faebf800a424a24d13d9befb41ba049f7},
  publisher    = {GitHub},
  title        = {PuzzleScript-Solver},
  year         = {2015},
}

@software{puzzlescript-bfs,
  author       = {{vexorian}},
  commit       = {5d47a2445238646f66fbb1abb95d9fb73bac5d4e},
  howpublished = {\url{https://github.com/vexorian/puzzlescript-bfs}},
  journal      = {GitHub repository},
  note         = {License: zlib, Commit: 5d47a2445238646f66fbb1abb95d9fb73bac5d4e},
  publisher    = {GitHub},
  title        = {puzzlescript-bfs},
  year         = {2021},
}

@software{PuzzleScriptGA,
  author       = {{Joe Osborn (JoeOsborn)}},
  commit       = {c725c60dbb083b278ed55d3b20a801b9320d880b},
  howpublished = {\url{https://github.com/JoeOsborn/PuzzleScript}},
  journal      = {GitHub repository},
  note         = {License: MIT, Commit: c725c60dbb083b278ed55d3b20a801b9320d880b},
  publisher    = {GitHub},
  title        = {PuzzleScript},
  year         = {2014},
}

@software{PuzzleScriptTracery,
  author       = {{Rikki Prince (rikkiprince)}},
  commit       = {53ab1a5a532c4da2bf9d104b9da9fc5322abf277},
  howpublished = {\url{https://github.com/rikkiprince/PuzzleScript-Tracery}},
  journal      = {GitHub repository},
  note         = {License: MIT, Commit: 53ab1a5a532c4da2bf9d104b9da9fc5322abf277},
  publisher    = {GitHub},
  title        = {PuzzleScript-Tracery},
  year         = {2019},
}

@v{puzzleengine,
  author       = {{Adam Hess (HParker)}},
  commit       = {766969186ce1fcdf675e27023fca6825bec318fb},
  howpublished = {\url{https://github.com/HParker/puzzleengine}},
  journal      = {GitHub repository},
  note         = {License: MIT, Commit: 766969186ce1fcdf675e27023fca6825bec318fb},
  publisher    = {GitHub},
  title        = {puzzleengine},
  year         = {2020},
}

@software{puzzlescriptrust,
  author       = {{Philip Schatz (philschatz)}},
  commit       = {3691f45210347904487082df1dbb316d8b67538c},
  howpublished = {\url{https://github.com/philschatz/puzzlescript-rust}},
  journal      = {GitHub repository},
  note         = {License: All Rights Reserved, Commit: 3691f45210347904487082df1dbb316d8b67538c},
  publisher    = {GitHub},
  title        = {puzzlescript-rust},
  year         = {2019},
}

@software{Psionic,
  author       = {{KerDelos}},
  commit       = {ccc3f2c6d82918c8375032b166ab4fcb50e289fe},
  howpublished = {\url{https://github.com/KerDelos/Psionic}},
  journal      = {GitHub repository},
  note         = {License: MIT, Commit: \linebreak ccc3f2c6d82918c8375032b166ab4fcb50e289fe},
  publisher    = {GitHub},
  title        = {Psionic},
  year         = {2020},
}

@software{smoothscreen,
  author       = {{Joseph Mansfield (sftrabbit)}},
  commit       = {7257c2887f59402a368624d4c2bf78a83c1a61de},
  howpublished = {\url{https://github.com/sftrabbit/PuzzleScript-smoothscreen}},
  journal      = {GitHub repository},
  note         = {License: MIT, Commit: 7257c2887f59402a368624d4c2bf78a83c1a61de},
  publisher    = {GitHub},
  title        = {PuzzleScript-smoothscreen},
  year         = {2020},
}

@software{irreversible,
  author       = {{minotalen}},
  commit       = {1803c78df5747e5ea84a3ed4961b0b74e436ef87},
  howpublished = {\url{https://github.com/minotalen/PuzzleScript-irreversible}},
  journal      = {GitHub repository},
  note         = {License: MIT, Commit: 1803c78df5747e5ea84a3ed4961b0b74e436ef87},
  publisher    = {GitHub},
  title        = {PuzzleScript-irreversible},
  year         = {2019},
}

@software{timothy,
  author       = {{randomon}},
  commit       = {b08269ab303ec2438616571fd7947f31c11856c5},
  howpublished = {\url{https://github.com/randomon/gameDesign}},
  journal      = {GitHub repository},
  note         = {License: MIT, Commit: b08269ab303ec2438616571fd7947f31c11856c5},
  publisher    = {GitHub},
  title        = {Timothy Adventures 0.07},
  year         = {2018},
}

@software{pancelor,
  author       = {{pancelor}},
  commit       = {99fecc0f7e0cf9b234bf01985f7bd895a932f8ca},
  howpublished = {\url{https://github.com/pancelor/PuzzleScript}},
  journal      = {GitHub repository},
  note         = {License: MIT, Commit: 99fecc0f7e0cf9b234bf01985f7bd895a932f8ca},
  publisher    = {GitHub},
  title        = {PuzzleScript},
  year         = {2020},
}

@software{salix,
  author       = {{Tijs van der Storm (tvdstorm)}},
  commit       = {2ec316fca5d5d8a44dcbacc2138e4f9eaff99b52},
  howpublished = {\url{https://github.com/usethesource/salix}},
  journal      = {GitHub repository},
  note         = {License: BSD-2-Clause License, Commit: 2ec316fca5d5d8a44dcbacc2138e4f9eaff99b52},
  publisher    = {GitHub},
  title        = {salix},
  year         = {2017},
}

